
% My papers + THTS stuff

@inproceedings{thts,
  title={Trial-based heuristic tree search for finite horizon MDPs},
  author={Keller, Thomas and Helmert, Malte},
  booktitle={Proceedings of the International Conference on Automated Planning and Scheduling},
  volume={23},
  pages={135--143},
  year={2013}
}

@software{thtspp,
	author = {Painter, Michael},
	title = {{THTS++}},
	url = {https://github.com/MWPainter/thts-plus-plus},
	version = {0.0}
}

% MORL stuff

@article{morl_survey,
  title={A practical guide to multi-objective reinforcement learning and planning},
  author={Hayes, Conor F and R{\u{a}}dulescu, Roxana and Bargiacchi, Eugenio and K{\"a}llstr{\"o}m, Johan and Macfarlane, Matthew and Reymond, Mathieu and Verstraeten, Timothy and Zintgraf, Luisa M and Dazeley, Richard and Heintz, Fredrik and others},
  journal={Autonomous Agents and Multi-Agent Systems},
  volume={36},
  number={1},
  pages={26},
  year={2022},
  publisher={Springer}
}